@book{ldd3,
	title     = "Linux Device Drivers, 3rd Edition",
	author    = "Jonathan Corbet and Alessandro Rubini and Greg Kroah-Hartman",
	year      = "2005",
	publisher = "O'Reilly Media, Inc.",
	isbn      = "0596005903",
}

@online{interfaces,
	title     = "Kernel Space - User Space Interfaces",
	author    = "Ariane Keller",
	year      = "2008",
	month     = "July",
	edition   = "Version 0.8",
	url       = "http://people.ee.ethz.ch/~arkeller/linux/kernel_user_space_howto.html",
}

@article{netlink-ayuso,
	author = "Pablo Neira Ayuso and Rafael M. Gasca1 and Laurent Lefevre",
	title = "Communicating between the kernel and user-space in Linux using Netlink sockets",
	journal = "Software â€” Practice and Experience",
	volume = "00",
	number = "1-7",
	year = "2010",
}

@article{sysfs-mochel,
	author = "Patrick Mochel",
	title = "The sysfs Filesystem",
	journal = "Proceedings of the Linux Symposium",
	volume = "1",
	year = "2005",
}

@article{plan9-pike,
	author = "Rob Pike and Dave Presotto and Sean Dorward and Bob Flandrena and Ken Thompson and Howard Trickey and Phil Winterbottom",
	title = "Plan 9 from Bell Labs",
	journal = "Computing Systems",
	volume = "8",
        number = "3",
	year = "1995",
}

@article{united-black,
	author = "James P. Black and Lindsay F. Marshall and Brian Randell",
	title = "The Architecture of UNIX United",
	journal = "Proc. IEEE",
	volume = "75",
        number = "5",
	year = "1987",
}

@online{nfs-source,
	title     = "Network File System",
	year = "2011",
	month     = "December",
	howpublished = "\url{http://nfs.sourceforge.net/}",
	url       = "http://nfs.sourceforge.net/",
}

@online{nbd-source,
	title     = "Network Block Device",
	year = "2011",
	month     = "December",
	howpublished = "\url{http://nbd.sourceforge.net/}",
	url       = "http://nbd.sourceforge.net/",
}

@online{cuse-article,
	author = "Jake Edge",
	title     = "Character devices in user space",
	year = "2008",
	month     = "November",
	howpublished = "\url{http://lwn.net/Articles/308445/}",
	url       = "http://lwn.net/Articles/308445/",
}

