@book{ldd3,
	title     = "Linux Device Drivers, 3rd Edition",
	author    = "Corbet, Jonathan and Rubini, Alessandro and Kroah-Hartman, Greg",
	year      = "2005",
	publisher = "O'Reilly Media, Inc.",
	isbn      = "0596005903",
}

@online{interfaces,
	title     = "Kernel Space - User Space Interfaces",
	author    = "Ariane Keller",
	year      = "2008",
	month     = "July",
	edition   = "Version 0.8",
	url       = "http://people.ee.ethz.ch/~arkeller/linux/kernel_user_space_howto.html",
}
